<?xml version="1.0" encoding="UTF-8"?><record xmlns="http://www.loc.gov/MARC21/slim" xmlns:cinclude="http://apache.org/cocoon/include/1.0" xmlns:zs="http://www.loc.gov/zing/srw/">
  <leader>01116nz  a2200205n  4500</leader>
  <controlfield tag="001">no2014091866</controlfield>
  <controlfield tag="003">DLC</controlfield>
  <controlfield tag="005">20140711073544.0</controlfield>
  <controlfield tag="008">140710n| azannaabn          |n aaa     c</controlfield>
  <datafield tag="010" ind1=" " ind2=" ">
    <subfield code="a">no2014091866</subfield>
  </datafield>
  <datafield tag="035" ind1=" " ind2=" ">
    <subfield code="a">(OCoLC)oca09904804</subfield>
  </datafield>
  <datafield tag="040" ind1=" " ind2=" ">
    <subfield code="a">NcGrE</subfield>
    <subfield code="b">eng</subfield>
    <subfield code="e">rda</subfield>
    <subfield code="c">NcGrE</subfield>
  </datafield>
  <datafield tag="046" ind1=" " ind2=" ">
    <subfield code="f">1918</subfield>
  </datafield>
  <datafield tag="100" ind1="1" ind2=" ">
    <subfield code="a">Henneberger, Josiah B.,</subfield>
    <subfield code="d">1918-</subfield>
  </datafield>
  <datafield tag="370" ind1=" " ind2=" ">
    <subfield code="c">United States</subfield>
    <subfield code="f">Cherry Point (N.C.)</subfield>
    <subfield code="2">naf</subfield>
  </datafield>
  <datafield tag="374" ind1=" " ind2=" ">
    <subfield code="a">United States. Navy--Officers</subfield>
    <subfield code="2">lcsh</subfield>
  </datafield>
  <datafield tag="375" ind1=" " ind2=" ">
    <subfield code="a">male</subfield>
  </datafield>
  <datafield tag="377" ind1=" " ind2=" ">
    <subfield code="a">eng</subfield>
  </datafield>
  <datafield tag="378" ind1=" " ind2=" ">
    <subfield code="q">Josiah Baker</subfield>
  </datafield>
  <datafield tag="670" ind1=" " ind2=" ">
    <subfield code="a">Josiah B. Henneberger papers, 1930-1963, viewed June 17, 2014 via East Carolina University Digital Collections website:</subfield>
    <subfield code="b">Finding aid (Josiah Baker Henneberger (1918-) enlisted in the Marine Corps Reserves in 1937 and was honorably discharged to enter the U.S. Naval Academy. He was assigned to various ships during World War II, and subsequent assignments included the Navy Supply Department in Cherry Point, N.C. (1951), naval facilities inspection duty in Europe and the U.S., and service with the Navy Purchase Office in San Francisco. Henneberger retired in 1963 as commander in the Supply Corps.)</subfield>
  </datafield>
</record>